
% Example reference, should be deleted when actual references are added.
% `greenwade93' (or whatever you write there) would be used for citing inside the report afterwards
% so it'd better be short and useful
@article{greenwade93,
    author  = "George D. Greenwade",
    title   = "The {C}omprehensive {T}ex {A}rchive {N}etwork ({CTAN})",
    year    = "1993",
    journal = "TUGBoat",
    volume  = "14",
    number  = "3",
    pages   = "342--351"
}

