
% Example reference, should be deleted when actual references are added.
% `greenwade93' (or whatever you write there) would be used for citing inside the report afterwards
% so it'd better be short and useful

@book{nltk,
    author    = "Bird, Steven, Edward Loper and Ewan Klein",
    title     = "Natural Language Processing with Python",
    year      = "2009,
    publisher = "Oâ€™Reilly Media Inc.",
    %address   = ""
}

@paper{ubuntudata,
	author = {David Uthus and David Aha},
	title = {The Ubuntu Chat Corpus for Multiparticipant Chat Analysis},
	conference = {AAAI Spring Symposium Series},
	year = {2013},
	keywords = {Multiparticipant Chat; Corpus},
	%abstract = {We present the Ubuntu Chat Corpus as a data source for multiparticipant chat analysis. This addresses the problem of the lack of a large, publicly suitable corpora for research in this medium. The advantages of using this corpus for research is its large number of chat messages, its multiple languages, its technical nature, and all of the original chat messages are in the public domain.},
	url = {https://www.aaai.org/ocs/index.php/SSS/SSS13/paper/view/5706},
}


@inproceedings{fairytales,
  title={Emotions from text: machine learning for text-based emotion prediction},
  author={Alm, Cecilia Ovesdotter and Roth, Dan and Sproat, Richard},
  booktitle={Proceedings of the conference on Human Language Technology and Empirical Methods in Natural Language Processing},
  pages={579--586},
  year={2005},
  organization={Association for Computational Linguistics}
}


@inproceedings{emotionclassifiers,
  title={Feeler: Emotion classification of text using vector space model},
  author={Danisman, Taner and Alpkocak, Adil},
  booktitle={AISB 2008 Convention Communication, Interaction and Social Intelligence},
  volume={1},
  pages={53},
  year={2008}
}


@inproceedings{twittersentiment,
  title={Sentiment analysis of twitter data},
  author={Agarwal, Apoorv and Xie, Boyi and Vovsha, Ilia and Rambow, Owen and Passonneau, Rebecca},
  booktitle={Proceedings of the Workshop on Languages in Social Media},
  pages={30--38},
  year={2011},
  organization={Association for Computational Linguistics}
}


@article{stateoftheartsentiment,
  title={NRC-Canada: Building the state-of-the-art in sentiment analysis of tweets},
  author={Mohammad, Saif M and Kiritchenko, Svetlana and Zhu, Xiaodan},
  journal={arXiv preprint arXiv:1308.6242},
  year={2013}
}

@inproceedings{hu2004mining,
  title={Mining and summarizing customer reviews},
  author={Hu, Minqing and Liu, Bing},
  booktitle={Proceedings of the tenth ACM SIGKDD international conference on Knowledge discovery and data mining},
  pages={168--177},
  year={2004},
  organization={ACM}
}
